@ARTICLE{10319661,
  author={Joskowicz, Jose and Slomovitz, Daniel},
  journal={IEEE Engineering Management Review}, 
  title={Engineers' Perspectives on the Use of Generative Artificial Intelligence Tools in the Workplace}, 
  year={2024},
  volume={52},
  number={1},
  pages={258-267},
  doi={10.1109/EMR.2023.3333794}
}

@article{Chaccour2024TelecomsAG,
  author={Chaccour, Christina and Karapantelakis, Athanasios and Murphy, Timothy and Dohler, Mischa},
  title={Telecomâ€™s Artificial General Intelligence (AGI) Vision: Beyond the GenAI Frontier},
  journal={IEEE Network},
  year={2024},
  volume={38},
  pages={21-28},
  doi={10.1109/MNET.2024.3425594}
}

@misc{bariah2023largegenerativeaimodels,
  author={Bariah, Lina and Zhao, Qiyang and Zou, Hang and Tian, Yu and Bader, Faouzi and Debbah, Merouane},
  title={Large Generative AI Models for Telecom: The Next Big Thing?}, 
  year={2023},
  journal={IEEE Communications Magazine},
  doi={10.1109/MCOM.001.2300364}
}

@misc{chaccour2022dataknowledgebuildinggeneration,
  author={Chaccour, Christina and Saad, Walid and Debbah, Merouane and Han, Zhu and Poor, H. Vincent},
  title={Less Data, More Knowledge: Building Next Generation Semantic Communication Networks},
  year={2022},
  journal={IEEE Communications Surveys \& Tutorials},
  doi={10.1109/COMST.2024.3412852}
}

@inproceedings{Radford2018ImprovingLU,
  author={Radford, Alec and Narasimhan, Karthik},
  title={Improving Language Understanding by Generative Pre-Training},
  year={2018},
  note={Corpus ID: 49313245}
}

@article{Thomas2023CausalRC,
  author={Thomas, Christo Kurisummoottil and Chaccour, Christina and Saad, Walid and Debbah, Merouane and Hong, Choong Seon},
  title={Causal Reasoning: Charting a Revolutionary Course for Next-Generation AI-Native Wireless Networks},
  journal={IEEE Vehicular Technology Magazine},
  year={2023},
  volume={19},
  pages={16-31},
  doi={10.1109/MVT.2024.3359357}
}

@ARTICLE{10614204,
  author={Liang, Chengsi and Du, Hongyang and Sun, Yao and Niyato, Dusit and Kang, Jiawen and Zhao, Dezong and Imran, Muhammad Ali},
  title={Generative AI-driven Semantic Communication Networks: Architecture, Technologies and Applications},
  journal={IEEE Transactions on Cognitive Communications and Networking},
  year={2024},
  doi={10.1109/TCCN.2024.3435524}
}

@INPROCEEDINGS{10447237,
  author={Du, Hongyang and Liu, Guangyuan and Niyato, Dusit and Zhang, Jiayi and Kang, Jiawen and Xiong, Zehui and Ai, Bo and Kim, Dong In},
  title={Generative Al-aided Joint Training-free Secure Semantic Communications via Multi-modal Prompts},
  booktitle={ICASSP 2024 - IEEE International Conference on Acoustics, Speech and Signal Processing (ICASSP)}, 
  year={2024},
  pages={12896-12900},
  doi={10.1109/ICASSP48485.2024.10447237}
}

@misc{raha2023generativeaidrivensemanticcommunication,
  author={Raha, Avi Deb and Munir, Md. Shirajum and Adhikary, Apurba and Qiao, Yu and Hong, Choong Seon},
  title={Generative AI-driven Semantic Communication Framework for NextG Wireless Network},
  year={2023},
  eprint={2310.09021},
  archivePrefix={arXiv}
}

@ARTICLE{9530497,
  author={Shi, Guangming and Xiao, Yong and Li, Yingyu and Xie, Xuemei},
  title={From Semantic Communication to Semantic-Aware Networking: Model, Architecture, and Open Problems},
  journal={IEEE Communications Magazine},
  year={2021},
  volume={59},
  number={8},
  pages={44-50},
  doi={10.1109/MCOM.001.2001239}
}

@ARTICLE{9955312,
  author={Yang, Wanting and Du, Hongyang and Liew, Zi Qin and Lim, Wei Yang Bryan and Xiong, Zehui and Niyato, Dusit and Chi, Xuefen and Shen, Xuemin and Miao, Chunyan},
  title={Semantic Communications for Future Internet: Fundamentals, Applications, and Challenges},
  journal={IEEE Communications Surveys \& Tutorials},
  year={2023},
  volume={25},
  number={1},
  pages={213-250},
  doi={10.1109/COMST.2022.3223224}
}

@misc{liu2024semanticcommunicationsartificialintelligence,
  author={Liu, Guangyuan and Du, Hongyang and Niyato, Dusit and Kang, Jiawen and Xiong, Zehui and Kim, Dong In and Shen, Xuemin},
  title={Semantic Communications for Artificial Intelligence Generated Content (AIGC) Toward Effective Content Creation},
  journal={IEEE Network},
  year={2024},
  eprint={2308.04942},
  archivePrefix={arXiv}
}

@misc{jiang2024largeaimodelbasedsemantic,
  author={Jiang, Feibo and Peng, Yubo and Dong, Li and Wang, Kezhi and Yang, Kun and Pan, Cunhua and You, Xiaohu},
  title={Large AI Model-Based Semantic Communications},
  journal={IEEE Wireless Communications},
  year={2024},
  volume={31},
  number={3},
  pages={68-75},
  eprint={2307.03492},
  archivePrefix={arXiv}
}

@INPROCEEDINGS{9797984,
  author={Xia, Le and Sun, Yao and Li, Xiaoqian and Feng, Gang and Imran, Muhammad Ali},
  title={Wireless Resource Management in Intelligent Semantic Communication Networks},
  booktitle={IEEE INFOCOM 2022 - IEEE Conference on Computer Communications Workshops (INFOCOM WKSHPS)},
  year={2022},
  doi={10.1109/INFOCOMWKSHPS54753.2022.9797984}
}

@ARTICLE{10634888,
  author={Zhang, Ping and Xu, Wenjun and Liu, Yiming and Qin, Xiaoqi and Niu, Kai and Cui, Shuguang and Shi, Guangming and Qin, Zhijin and Xu, Xiaodong and Wang, Fengyu and Meng, Yue and Dong, Chen and Dai, Jincheng and Yang, Qianqian and Sun, Yaping and Gao, Dahua and Gao, Hui and Han, Shujun and Song, Xiaodan},
  title={Intellicise Wireless Networks From Semantic Communications: A Survey, Research Issues, and Challenges},
  journal={IEEE Communications Surveys \& Tutorials},
  year={2024},
  doi={10.1109/COMST.2024.3443193}
}

@ARTICLE{9953099,
  author={Zhang, Hongwei and Shao, Shuo and Tao, Meixia and Bi, Xiaoyan and Letaief, Khaled B.},
  title={Deep Learning-Enabled Semantic Communication Systems With Task-Unaware Transmitter and Dynamic Data},
  journal={IEEE Journal on Selected Areas in Communications},
  year={2023},
  volume={41},
  number={1},
  pages={170-185},
  doi={10.1109/JSAC.2022.3221991}
}
